<record><leader>00000cas a2200000 a 4500</leader><controlfield tag="001">63023576</controlfield><controlfield tag="007">hd afu---baca</controlfield><controlfield tag="008">060118d18211825meuwr nea     0    0eng c</controlfield><datafield ind1=" " ind2=" " tag="010"><subfield code="a">  2012249010</subfield></datafield><datafield ind1=" " ind2=" " tag="040"><subfield code="a">IND</subfield><subfield code="b">eng</subfield><subfield code="c">IND</subfield><subfield code="d">BUF</subfield><subfield code="d">ZYU</subfield><subfield code="d">OCLCF</subfield><subfield code="d">OCLCQ</subfield></datafield><datafield ind1=" " ind2=" " tag="042"><subfield code="a">pcc</subfield></datafield><datafield ind1=" " ind2=" " tag="043"><subfield code="a">n-us-me</subfield></datafield><datafield ind1="0" ind2="0" tag="050"><subfield code="a">Newspaper</subfield></datafield><datafield ind1="1" ind2="4" tag="050"><subfield code="a">AN191</subfield><subfield code="b">.A64</subfield></datafield><datafield ind1="0" ind2="0" tag="245"><subfield code="a">American advocate &amp; general advertiser.</subfield></datafield><datafield ind1="0" ind2="0" tag="246"><subfield code="a">American advocate and general advertiser</subfield></datafield><datafield ind1=" " ind2=" " tag="260"><subfield code="a">Hallowell, Me. :</subfield><subfield code="b">S.K. Gilman,</subfield><subfield code="c">1821-1825.</subfield></datafield><datafield ind1=" " ind2=" " tag="300"><subfield code="a">5 volumes :</subfield><subfield code="b">illustrations (chiefly advertisements) ;</subfield><subfield code="c">51 cm</subfield></datafield><datafield ind1=" " ind2=" " tag="310"><subfield code="a">Weekly</subfield></datafield><datafield ind1=" " ind2=" " tag="336"><subfield code="a">text</subfield><subfield code="b">txt</subfield><subfield code="2">rdacontent</subfield></datafield><datafield ind1=" " ind2=" " tag="337"><subfield code="a">microform</subfield><subfield code="b">h</subfield><subfield code="2">rdamedia</subfield></datafield><datafield ind1=" " ind2=" " tag="338"><subfield code="a">microfilm reel</subfield><subfield code="b">hd</subfield><subfield code="2">rdacarrier</subfield></datafield><datafield ind1="0" ind2=" " tag="362"><subfield code="a">Vol. 12, no. 1 (Jan. 13, 1821)- v. 16, no. 44 (Nov. 5, 1825).</subfield></datafield><datafield ind1=" " ind2=" " tag="500"><subfield code="a">Publisher: Calvin Spaulding, 1825.</subfield></datafield><datafield ind1=" " ind2=" " tag="500"><subfield code="a">Democratic Republican.</subfield></datafield><datafield ind1=" " ind2=" " tag="530"><subfield code="a">Also issued in print.</subfield></datafield><datafield ind1=" " ind2=" " tag="533"><subfield code="a">Microfilm.</subfield><subfield code="b">Naples, Fla. :</subfield><subfield code="c">Readex Film Products.</subfield><subfield code="e">microfilm reels ; 35 mm.</subfield><subfield code="f">(Early American newspapers).</subfield></datafield><datafield ind1=" " ind2="0" tag="651"><subfield code="a">Hallowell (Me.)</subfield><subfield code="v">Newspapers.</subfield></datafield><datafield ind1=" " ind2="7" tag="651"><subfield code="a">Maine</subfield><subfield code="z">Hallowell.</subfield><subfield code="2">fast</subfield><subfield code="0">(OCoLC)fst01229888</subfield></datafield><datafield ind1=" " ind2="7" tag="655"><subfield code="a">Newspapers.</subfield><subfield code="2">fast</subfield><subfield code="0">(OCoLC)fst01423814</subfield></datafield><datafield ind1=" " ind2=" " tag="752"><subfield code="a">United States</subfield><subfield code="b">Maine</subfield><subfield code="c">Kennebec</subfield><subfield code="d">Hallowell.</subfield></datafield><datafield ind1="0" ind2="8" tag="776"><subfield code="i">Print version:</subfield><subfield code="t">American advocate &amp; general advertiser</subfield><subfield code="w">(DLC)sn 83009613</subfield><subfield code="w">(OCoLC)9233117</subfield></datafield><datafield ind1="0" ind2="0" tag="780"><subfield code="t">American advocate and Kennebec advertiser</subfield><subfield code="w">(OCoLC)20174884</subfield></datafield><datafield ind1="0" ind2="0" tag="785"><subfield code="t">American advocate (Hallowell, Me. : 1825)</subfield><subfield code="w">(DLC)  2012249011</subfield><subfield code="w">(OCoLC)247097902</subfield></datafield><datafield ind1=" " ind2="0" tag="830"><subfield code="a">Early American newspapers.</subfield></datafield></record>